<record><leader>00000cas a22000007a 4500</leader><controlfield tag="001">23104894</controlfield><controlfield tag="008">910214d19021903mauwr ne      0    0eng d</controlfield><datafield ind1=" " ind2=" " tag="010"><subfield code="a">sn 91057999 </subfield></datafield><datafield ind1=" " ind2=" " tag="040"><subfield code="a">MGN</subfield><subfield code="b">eng</subfield><subfield code="c">MGN</subfield><subfield code="d">OCLCQ</subfield></datafield><datafield ind1=" " ind2=" " tag="042"><subfield code="a">msc</subfield></datafield><datafield ind1="0" ind2=" " tag="130"><subfield code="a">Tribune (Watertown, Mass.)</subfield></datafield><datafield ind1="1" ind2="4" tag="245"><subfield code="a">The tribune.</subfield></datafield><datafield ind1=" " ind2=" " tag="260"><subfield code="a">Watertown, Mass. :</subfield><subfield code="b">Roy Stratton</subfield></datafield><datafield ind1=" " ind2=" " tag="300"><subfield code="a">v.</subfield></datafield><datafield ind1=" " ind2=" " tag="310"><subfield code="a">Weekly</subfield></datafield><datafield ind1="0" ind2=" " tag="362"><subfield code="a">Vol. 1, no. 1 (Sept. 18, 1902)-v. 1, no. 26 (Mar. 12, 1903).</subfield></datafield><datafield ind1=" " ind2=" " tag="752"><subfield code="a">United States</subfield><subfield code="b">Massachusetts</subfield><subfield code="c">Middlesex</subfield><subfield code="d">Watertown.</subfield></datafield><datafield ind1="0" ind2="7" tag="785"><subfield code="t">Watertown enterprise</subfield><subfield code="w">(DLC)sn 91057998</subfield></datafield><datafield ind1="0" ind2="7" tag="785"><subfield code="t">Tribune-enterprise (Watertown, Mass. : 1903)</subfield><subfield code="w">(DLC)sn 91058001</subfield></datafield></record>